@article{dai2015document,
  title={Document embedding with paragraph vectors},
  author={Dai, Andrew M and Olah, Christopher and Le, Quoc V},
  journal={arXiv preprint arXiv:1507.07998},
  year={2015}
}
@article{radloff2015self,
  title={A self-report depression scale for research in the general population},
  author={Radloff, LS},
  journal={Applied Psychological Measurement},
  volume={1},
  pages={413--449},
  year={2015}
}
@article{king2001logistic,
  title={Logistic regression in rare events data},
  author={King, Gary and Zeng, Langche},
  journal={Political analysis},
  volume={9},
  number={2},
  pages={137--163},
  year={2001},
  publisher={Cambridge University Press}
}
@inproceedings{peters2018deep,
  title={Deep Contextualized Word Representations},
  author={Peters, Matthew and Neumann, Mark and Iyyer, Mohit and Gardner, Matt and Clark, Christopher and Lee, Kenton and Zettlemoyer, Luke},
  booktitle={Proceedings of the 2018 Conference of the North American Chapter of the Association for Computational Linguistics: Human Language Technologies, Volume 1 (Long Papers)},
  pages={2227--2237},
  year={2018}
}
@article{overland2020seasonality,
  title={Seasonality and symptoms of depression: A systematic review of the literature},
  author={{\O}verland, Simon and Woicik, Wojtek and Sikora, Lindsey and Whittaker, Kristoffer and Heli, Hans and Skjelkv{\aa}le, Fritjof Stein and Sivertsen, B{\o}rge and Colman, Ian},
  journal={Epidemiology and psychiatric sciences},
  volume={29},
  year={2020},
  publisher={Cambridge University Press}
}

@article{deveaud2018learning,
  title={Learning to adaptively rank document retrieval system configurations},
  author={Deveaud, Romain and Mothe, Josiane and Ullah, Md Zia and Nie, Jian-Yun},
  journal={ACM Transactions on Information Systems (TOIS)},
  volume={37},
  number={1},
  pages={1--41},
  year={2018},
  publisher={ACM New York, NY, USA}
}

@article{hoang2018predicting,
  title={Predicting information diffusion on Twitter--Analysis of predictive features},
  author={Hoang, Thi Bich Ngoc and Mothe, Josiane},
  journal={Journal of computational science},
  volume={28},
  pages={257--264},
  year={2018},
  publisher={Elsevier}
}

@article{ch2_fs,
author = {Li, Jundong and Cheng, Kewei and Wang, Suhang and Morstatter, Fred and Trevino, Robert P. and Tang, Jiliang and Liu, Huan},
title = {Feature Selection: A Data Perspective},
year = {2017},
issue_date = {January 2018},
publisher = {Association for Computing Machinery},
address = {New York, NY, USA},
volume = {50},
number = {6},
issn = {0360-0300},
url = {https://doi.org/10.1145/3136625},
doi = {10.1145/3136625},
journal = {ACM Comput. Surv.},
month = dec,
articleno = {94},
numpages = {45},
}

@article{devlin2018bert,
  title={BERT: Pre-training of Deep Bidirectional Transformers for Language Understanding},
  author={Devlin, Jacob and Chang, Ming-Wei and Lee, Kenton and Toutanova, Kristina},
  journal={arXiv preprint arXiv:1810.04805},
  year={2018}
}

@inproceedings{LeM14,
  title={Distributed representations of sentences and documents},
  author={Le, Quoc and Mikolov, Tomas},
  booktitle={International conference on machine learning},
  pages={1188--1196},
  year={2014},
  organization={PMLR}
}

@inproceedings{mikolov2013distributed,
 author = {Mikolov, Tomas and Sutskever, Ilya and Chen, Kai and Corrado, Greg S and Dean, Jeff},
 booktitle = {Advances in Neural Information Processing Systems},
 editor = {C. J. C. Burges and L. Bottou and M. Welling and Z. Ghahramani and K. Q. Weinberger},
 pages = {},
 publisher = {Curran Associates, Inc.},
 title = {Distributed Representations of Words and Phrases and their Compositionality},
 volume = {26},
 year = {2013}
}

@article{pedregosa2011scikit,
  title={Scikit-learn: Machine learning in Python},
  author={Pedregosa, Fabian and Varoquaux, Ga{\"e}l and Gramfort, Alexandre and Michel, Vincent and Thirion, Bertrand and Grisel, Olivier and Blondel, Mathieu and Prettenhofer, Peter and Weiss, Ron and Dubourg, Vincent and others},
  journal={the Journal of machine Learning research},
  volume={12},
  pages={2825--2830},
  year={2011},
  publisher={JMLR. org}
}

@article{colombo2016,
	author    = {Gualtiero B. Colombo and
	Pete Burnap and
	Andrei Hodorog and
	Jonathan Scourfield},
	title     = {Analysing the connectivity and communication of suicidal users on
	twitter},
	journal   = {Computer Communications},
	volume    = {73},
	pages     = {291--300},
	year      = {2016},
	url       = {https://doi.org/10.1016/j.comcom.2015.07.018},
	doi       = {10.1016/j.comcom.2015.07.018},
	timestamp = {Wed, 14 Nov 2018 10:48:28 +0100},
	biburl    = {https://dblp.org/rec/bib/journals/comcom/ColomboBHS16},
	bibsource = {dblp computer science bibliography, https://dblp.org}
}

@article{world2017depression,
	title={Depression and other common mental disorders: global health estimates. 2017},
	author={World Health Organization and others},
	journal={Geneva: WHO},
	year={2017}
}

@inproceedings{ChoudhuryCHH14,
	author    = {Munmun De Choudhury and
	Scott Counts and
	Eric Horvitz and
	Aaron Hoff},
	title     = {Characterizing and predicting postpartum depression from shared facebook
	data},
	booktitle = {Computer Supported Cooperative Work, {CSCW} '14, Baltimore, MD, USA,
	February 15-19, 2014},
	pages     = {626--638},
	year      = {2014},
	url       = {https://doi.org/10.1145/2531602.2531675},
	doi       = {10.1145/2531602.2531675},
	timestamp = {Tue, 06 Nov 2018 16:57:12 +0100},
	biburl    = {https://dblp.org/rec/bib/conf/cscw/ChoudhuryCHH14},
	bibsource = {dblp computer science bibliography, https://dblp.org}
}

@phdthesis{Faneva2020,
	title={Extraction et fouille de données textuelles: application à la détection de la dépression, de l'anorexie et de l'agressivité dans les réseaux sociaux},
   author={Iarivony Faneva, RAMIANDRISOA},
   school={Université de Toulouse},
  	year={2020}
}

@inproceedings{Resnik2015,
	author    = {Philip Resnik and
	William Armstrong and
	Leonardo Max Batista Claudino and
	Thang Nguyen and
	Viet{-}An Nguyen and
	Jordan L. Boyd{-}Graber},
	title     = {Beyond {LDA:} Exploring Supervised Topic Modeling for Depression-Related
	Language in {Twitter}},
	booktitle = {Proceedings of CLPsych@NAACL-HLT}, 
	year      = {2015},
	url       = {http://aclweb.org/anthology/W/W15/W15-1212.pdf},
	timestamp = {Wed, 14 Sep 2016 10:01:11 +0200},
	biburl    = {http://dblp.org/rec/bib/conf/naacl/ResnikACNNB15},
	bibsource = {dblp computer science bibliography, http://dblp.org}
}

@inproceedings{Choudhury2013,
	author    = {Munmun De Choudhury and
	Michael Gamon and
	Scott Counts and
	Eric Horvitz},
	title     = {Predicting Depression via Social Media},
	booktitle = {Proceedings of the Seventh International Conference on Weblogs and
	Social Media}, 
	year      = {2013},
	url       = {http://www.aaai.org/ocs/index.php/ICWSM/ICWSM13/paper/view/6124},
	timestamp = {Tue, 20 Aug 2013 13:12:33 +0200},
	biburl    = {http://dblp.org/rec/bib/conf/icwsm/ChoudhuryGCH13},
	bibsource = {dblp computer science bibliography, http://dblp.org}
}

@inproceedings{GraveMJB17,
	author    = {Armand Joulin and
	Edouard Grave and
	Piotr Bojanowski and
	Tomas Mikolov},
	title     = {Bag of Tricks for Efficient Text Classification},
	booktitle = {Proceedings of the 15th Conference of the European Chapter of the
	Association for Computational Linguistics, {EACL} 2017, Valencia,
	Spain, April 3-7, 2017, Volume 2: Short Papers},
	pages     = {427--431},
	year      = {2017},
	url       = {https://doi.org/10.18653/v1/e17-2068},
	doi       = {10.18653/v1/e17-2068},
	timestamp = {Wed, 29 Jan 2020 15:40:23 +0100},
	biburl    = {https://dblp.org/rec/conf/eacl/GraveMJB17.bib},
	bibsource = {dblp computer science bibliography, https://dblp.org}
}

@inproceedings{ErrecaldeVFUC17,
	author    = {Dar{\'{\i}}o Gustavo Funez and
	Marcelo Luis Errecalde and
	Maria Paula Villegas and
	Maria Jos{\'{e}} Garciarena Ucelay and
	Leticia Cecilia Cagnina},
	title     = {Temporal Variation of Terms as Concept Space for Early Risk Prediction},
	booktitle = {Working Notes of {CLEF} 2017 - Conference and Labs of the Evaluation
	Forum, Dublin, Ireland, September 11-14, 2017},
	year      = {2017},
	url       = {http://ceur-ws.org/Vol-1866/paper\_103.pdf},
	timestamp = {Wed, 12 Feb 2020 16:44:30 +0100},
	biburl    = {https://dblp.org/rec/conf/clef/ErrecaldeVFUC17.bib},
	bibsource = {dblp computer science bibliography, https://dblp.org}
}
@article{trotzek2018utilizing,
  title={Utilizing neural networks and linguistic metadata for early detection of depression indications in text sequences},
  author={Trotzek, Marcel and Koitka, Sven and Friedrich, Christoph M},
  journal={IEEE Transactions on Knowledge and Data Engineering},
  volume={32},
  number={3},
  pages={588--601},
  year={2018},
  publisher={IEEE}
}

@inproceedings{TrotzekKF18,
	author    = {Marcel Trotzek and
	Sven Koitka and
	Christoph M. Friedrich},
	title     = {Word Embeddings and Linguistic Metadata at the {CLEF} 2018 Tasks for
	Early Detection of Depression and Anorexia},
	booktitle = {Working Notes of {CLEF} 2018 - Conference and Labs of the Evaluation
	Forum, Avignon, France, September 10-14, 2018.},
	year      = {2018},
	url       = {http://ceur-ws.org/Vol-2125/paper\_68.pdf},
	timestamp = {Wed, 08 Aug 2018 14:42:35 +0200},
	biburl    = {https://dblp.org/rec/bib/conf/clef/TrotzekKF18},
	bibsource = {dblp computer science bibliography, https://dblp.org}
}

@inproceedings{TrotzekKF17,
  author    = {Marcel Trotzek and
               Sven Koitka and
               Christoph M. Friedrich},
  title     = {Linguistic Metadata Augmented Classifiers at the {CLEF} 2017 Task
               for Early Detection of Depression},
  booktitle = {Working Notes of {CLEF} 2017 - Conference and Labs of the Evaluation
               Forum, Dublin, Ireland, September 11-14, 2017},
  year      = {2017},
  url       = {http://ceur-ws.org/Vol-1866/paper\_54.pdf},
  timestamp = {Wed, 12 Feb 2020 16:44:30 +0100},
  biburl    = {https://dblp.org/rec/conf/clef/TrotzekKF17.bib},
  bibsource = {dblp computer science bibliography, https://dblp.org}
}

@inproceedings{Schwartz2014,
	author    = {H. Andrew Schwartz and
	Johannes C. Eichstaedt and
	Margaret L. Kern and
	Gregory J. Park and
	Maarten Sap and
	David Stillwell and
	Michal Kosinski and
	Lyle H. Ungar},
	title     = {Towards assessing changes in degree of depression through Facebook},
	booktitle={Proceedings of the Workshop on Computational Linguistics and Clinical Psychology: From Linguistic Signal to Clinical Reality}, 
	pages={118--125},
	year      = {2014}
}

@inproceedings{WangZJSWB13,
	author    = {Xinyu Wang and
	Chunhong Zhang and
	Yang Ji and
	Li Sun and
	Leijia Wu and
	Zhana Bao},
	title     = {A Depression Detection Model Based on Sentiment Analysis in Micro-blog
	Social Network},
	booktitle = {Trends and Applications in Knowledge Discovery and Data Mining - {PAKDD}
	2013 International Workshops: DMApps, DANTH, QIMIE, BDM, CDA, CloudSD,
	Gold Coast, QLD, Australia, April 14-17, 2013, Revised Selected Papers},
	pages     = {201--213},
	year      = {2013},
	url       = {https://doi.org/10.1007/978-3-642-40319-4\_18},
	doi       = {10.1007/978-3-642-40319-4\_18},
	timestamp = {Wed, 04 Jul 2018 00:35:03 +0200},
	biburl    = {https://dblp.org/rec/bib/conf/pakdd/WangZJSWB13},
	bibsource = {dblp computer science bibliography, https://dblp.org}
}

@article{marriott2014true,
	author    = {Tamsin C. Marriott and
	Tom Buchanan},
	title     = {The true self online: Personality correlates of preference for self-expression
	online, and observer ratings of personality online and offline},
	journal   = {Computers in Human Behavior},
	volume    = {32},
	pages     = {171--177},
	year      = {2014},
	url       = {https://doi.org/10.1016/j.chb.2013.11.014},
	doi       = {10.1016/j.chb.2013.11.014},
	timestamp = {Sat, 20 May 2017 00:23:41 +0200},
	biburl    = {https://dblp.org/rec/bib/journals/chb/MarriottB14},
	bibsource = {dblp computer science bibliography, https://dblp.org}
}

@inproceedings{DallouxCCBG20,
  author    = {Cl{\'{e}}ment Dalloux and
               Vincent Claveau and
               Marc Cuggia and
               Guillaume Bouzill{\'{e}} and
               Natalia Grabar},
  title     = {Supervised Learning for the {ICD-10} Coding of French Clinical Narratives},
  booktitle = {Digital Personalized Health and Medicine - Proceedings of {MIE} 2020,
               Medical Informatics Europe, Geneva, Switzerland, April 28 - May 1,
               2020},
  pages     = {427--431},
  year      = {2020},
  url       = {https://doi.org/10.3233/SHTI200196},
  doi       = {10.3233/SHTI200196},
  timestamp = {Thu, 13 Aug 2020 18:46:36 +0200},
  biburl    = {https://dblp.org/rec/conf/mie/DallouxCCBG20.bib},
  bibsource = {dblp computer science bibliography, https://dblp.org}
}

@article{FranceSSSW00,
	author    = {Daniel J. France and
	Richard G. Shiavi and
	Stephen E. Silverman and
	Marilyn K. Silverman and
	D. Mitchell Wilkes},
	title     = {Acoustical properties of speech as indicators of depression and suicidal
	risk},
	journal   = {{IEEE} Trans. Biomed. Engineering},
	volume    = {47},
	number    = {7},
	pages     = {829--837},
	year      = {2000},
	url       = {https://doi.org/10.1109/10.846676},
	doi       = {10.1109/10.846676},
	timestamp = {Sat, 27 May 2017 14:24:59 +0200},
	biburl    = {https://dblp.org/rec/bib/journals/tbe/FranceSSSW00},
	bibsource = {dblp computer science bibliography, https://dblp.org}
}

@article{low2011detection,
	author    = {Lu{-}Shih Alex Low and
	Namunu C. Maddage and
	Margaret Lech and
	Lisa Sheeber and
	Nicholas B. Allen},
	title     = {Detection of Clinical Depression in Adolescents' Speech During Family
	Interactions},
	journal   = {{IEEE} Trans. Biomed. Engineering},
	volume    = {58},
	number    = {3},
	pages     = {574--586},
	year      = {2011},
	url       = {https://doi.org/10.1109/TBME.2010.2091640},
	doi       = {10.1109/TBME.2010.2091640},
	timestamp = {Wed, 14 Nov 2018 10:16:28 +0100},
	biburl    = {https://dblp.org/rec/bib/journals/tbe/LowMLSA11},
	bibsource = {dblp computer science bibliography, https://dblp.org}
}

@article{OzdasSSSW04,
	author    = {Asli Ozdas and
	Richard G. Shiavi and
	Stephen E. Silverman and
	Marilyn K. Silverman and
	D. Mitchell Wilkes},
	title     = {Investigation of vocal jitter and glottal flow spectrum as possible
	cues for depression and near-term suicidal risk},
	journal   = {{IEEE} Trans. Biomed. Engineering},
	volume    = {51},
	number    = {9},
	pages     = {1530--1540},
	year      = {2004},
	url       = {https://doi.org/10.1109/TBME.2004.827544},
	doi       = {10.1109/TBME.2004.827544},
	timestamp = {Wed, 14 Nov 2018 10:16:19 +0100},
	biburl    = {https://dblp.org/rec/bib/journals/tbe/OzdasSSSW04},
	bibsource = {dblp computer science bibliography, https://dblp.org}
}

@MastersThesis{kulkarni2018early,
	title={Early Detection of Depression},
   author={Kulkarni, Akshay Bhavani Kumar},
   school={University of Houston},
	year={2018}
}

@inproceedings{losada2017erisk,
  title={eRISK 2017: CLEF lab on early risk prediction on the internet: experimental foundations},
  author={Losada, David E and Crestani, Fabio and Parapar, Javier},
  booktitle={International Conference of the Cross-Language Evaluation Forum for European Languages},
  pages={346--360},
  year={2017},
  organization={Springer}
}

@article{LI2011441,
title = {Fast text categorization using concise semantic analysis},
journal = {Pattern Recognition Letters},
volume = {32},
number = {3},
pages = {441-448},
year = {2011},
issn = {0167-8655},
doi = {https://doi.org/10.1016/j.patrec.2010.11.001},
url = {https://www.sciencedirect.com/science/article/pii/S0167865510003582},
author = {Zhixing Li and Zhongyang Xiong and Yufang Zhang and Chunyong Liu and Kuan Li},
}

@article{BurdissoEM19,
	author    = {Sergio G. Burdisso and
	Marcelo Errecalde and
	Manuel Montes{-}y{-}G{\'{o}}mez},
	title     = {A text classification framework for simple and effective early depression
	detection over social media streams},
	journal   = {Expert Syst. Appl.},
	volume    = {133},
	pages     = {182--197},
	year      = {2019},
	url       = {https://doi.org/10.1016/j.eswa.2019.05.023},
	doi       = {10.1016/j.eswa.2019.05.023},
	timestamp = {Tue, 09 Jul 2019 16:39:09 +0200},
	biburl    = {https://dblp.org/rec/journals/eswa/BurdissoEM19.bib},
	bibsource = {dblp computer science bibliography, https://dblp.org}
}


@article{BurdissoEM19B,
	author    = {Sergio G. Burdisso and
	Marcelo Errecalde and
	Manuel Montes{-}y{-}G{\'{o}}mez},
	title     = {t-SS3: a text classifier with dynamic n-grams for early risk detection
	over text streams},
	journal   = {CoRR},
	volume    = {abs/1911.06147},
	year      = {2019},
	url       = {http://arxiv.org/abs/1911.06147},
	archivePrefix = {arXiv},
	eprint    = {1911.06147},
	timestamp = {Mon, 02 Dec 2019 13:44:01 +0100},
	biburl    = {https://dblp.org/rec/journals/corr/abs-1911-06147.bib},
	bibsource = {dblp computer science bibliography, https://dblp.org}
}

@inproceedings{FunezUVBCME18,
	author    = {Dar{\'{\i}}o Gustavo Funez and
	Maria Jos{\'{e}} Garciarena Ucelay and
	Maria Paula Villegas and
	Sergio Burdisso and
	Leticia C. Cagnina and
	Manuel Montes{-}y{-}G{\'{o}}mez and
	Marcelo Errecalde},
	title     = {UNSL's participation at eRisk 2018 Lab},
	booktitle = {Working Notes of {CLEF} 2018 - Conference and Labs of the Evaluation
	Forum, Avignon, France, September 10-14, 2018.},
	year      = {2018}
}

@inproceedings{VillegasFUCE17,
  author    = {Maria Paula Villegas and
               Dar{\'{\i}}o Gustavo Funez and
               Maria Jos{\'{e}} Garciarena Ucelay and
               Leticia Cecilia Cagnina and
               Marcelo Luis Errecalde},
  title     = {{LIDIC} - UNSL's Participation at eRisk 2017: Pilot Task on Early
               Detection of Depression},
  booktitle = {Working Notes of {CLEF} 2017 - Conference and Labs of the Evaluation
               Forum, Dublin, Ireland, September 11-14, 2017},
  year      = {2017},
  url       = {http://ceur-ws.org/Vol-1866/paper\_107.pdf},
  timestamp = {Wed, 12 Feb 2020 16:44:30 +0100},
  biburl    = {https://dblp.org/rec/conf/clef/VillegasFUCE17.bib},
  bibsource = {dblp computer science bibliography, https://dblp.org}
}


@inproceedings{SadequeXB17,
  author    = {Farig Sadeque and
               Dongfang Xu and
               Steven Bethard},
  title     = {UArizona at the {CLEF} eRisk 2017 Pilot Task: Linear and Recurrent
               Models for Early Depression Detection},
  booktitle = {Working Notes of {CLEF} 2017 - Conference and Labs of the Evaluation
               Forum, Dublin, Ireland, September 11-14, 2017},
  year      = {2017},
  url       = {http://ceur-ws.org/Vol-1866/paper\_58.pdf},
  timestamp = {Wed, 12 Feb 2020 16:44:30 +0100},
  biburl    = {https://dblp.org/rec/conf/clef/SadequeXB17.bib},
  bibsource = {dblp computer science bibliography, https://dblp.org}
}

@inproceedings{PaulJB18,
	author    = {Sayanta Paul and
	Sree Kalyani Jandhyala and
	Tanmay Basu},
	title     = {Early Detection of Signs of Anorexia and Depression Over Social Media
	using Effective Machine Learning Frameworks},
	booktitle = {Working Notes of {CLEF} 2018 - Conference and Labs of the Evaluation
	Forum, Avignon, France, September 10-14, 2018},
	year      = {2018},
	url       = {http://ceur-ws.org/Vol-2125/paper\_182.pdf},
	timestamp = {Wed, 12 Feb 2020 16:44:31 +0100},
	biburl    = {https://dblp.org/rec/conf/clef/PaulJB18.bib},
	bibsource = {dblp computer science bibliography, https://dblp.org}
}

@inproceedings{CachedaINC18,
	author    = {Fidel Cacheda and
	Diego Fern{\'{a}}ndez Iglesias and
	Francisco Javier N{\'{o}}voa and
	Victor Carneiro},
	title     = {Analysis and Experiments on Early Detection of Depression},
	booktitle = {Working Notes of {CLEF} 2018 - Conference and Labs of the Evaluation
	Forum, Avignon, France, September 10-14, 2018},
	year      = {2018},
	url       = {http://ceur-ws.org/Vol-2125/paper\_69.pdf},
	timestamp = {Wed, 12 Feb 2020 16:44:31 +0100},
	biburl    = {https://dblp.org/rec/conf/clef/CachedaINC18.bib},
	bibsource = {dblp computer science bibliography, https://dblp.org}
}

@inproceedings{MalamABBKEHHMMR17,
  author    = {Idriss Abdou Malam and
               Mohamed Arziki and
               Mohammed Nezar Bellazrak and
               Farah Benamara and
               Assafa El Kaidi and
               Bouchra Es{-}Saghir and
               Zhaolong He and
               Mouad Housni and
               V{\'{e}}ronique Moriceau and
               Josiane Mothe and
               Faneva Ramiandrisoa},
  title     = {{IRIT} at e-Risk},
  booktitle = {Working Notes of {CLEF} 2017 - Conference and Labs of the Evaluation
               Forum, Dublin, Ireland, September 11-14, 2017},
  year      = {2017},
  url       = {http://ceur-ws.org/Vol-1866/paper\_135.pdf},
  timestamp = {Wed, 12 Feb 2020 16:44:30 +0100},
  biburl    = {https://dblp.org/rec/conf/clef/MalamABBKEHHMMR17.bib},
  bibsource = {dblp computer science bibliography, https://dblp.org}
}

@inproceedings{RamiandrisoaMBM18,
  author    = {Faneva Ramiandrisoa and
               Josiane Mothe and
               Farah Benamara and
               V{\'{e}}ronique Moriceau},
  title     = {{IRIT} at e-Risk 2018},
  booktitle = {Working Notes of {CLEF} 2018 - Conference and Labs of the Evaluation
               Forum, Avignon, France, September 10-14, 2018},
  year      = {2018},
  url       = {http://ceur-ws.org/Vol-2125/paper\_102.pdf},
  timestamp = {Wed, 12 Feb 2020 16:44:31 +0100},
  biburl    = {https://dblp.org/rec/conf/clef/RamiandrisoaMBM18.bib},
  bibsource = {dblp computer science bibliography, https://dblp.org}
}

@inproceedings{RamiandrisoaM20,
  author    = {Faneva Ramiandrisoa and
               Josiane Mothe},
  title     = {Early Detection of Depression and Anorexia from Social Media: {A}
               Machine Learning Approach},
  booktitle = {Proceedings of the Joint Conference of the Information Retrieval Communities
               in Europe {(CIRCLE} 2020), Samatan, Gers, France, July 6-9, 2020},
  year      = {2020},
  url       = {http://ceur-ws.org/Vol-2621/CIRCLE20\_13.pdf},
  timestamp = {Mon, 17 Aug 2020 18:32:38 +0200},
  biburl    = {https://dblp.org/rec/conf/circle/RamiandrisoaM20.bib},
  bibsource = {dblp computer science bibliography, https://dblp.org}
}

@inproceedings{FastCB16,
  author    = {Ethan Fast and
               Binbin Chen and
               Michael S. Bernstein},
  title     = {Empath: Understanding Topic Signals in Large-Scale Text},
  booktitle = {Proceedings of the 2016 {CHI} Conference on Human Factors in Computing
               Systems, San Jose, CA, USA, May 7-12, 2016},
  pages     = {4647--4657},
  year      = {2016},
  url       = {https://doi.org/10.1145/2858036.2858535},
  doi       = {10.1145/2858036.2858535},
  timestamp = {Tue, 06 Nov 2018 16:58:48 +0100},
  biburl    = {https://dblp.org/rec/bib/conf/chi/FastCB16},
  bibsource = {dblp computer science bibliography, https://dblp.org}
}

@article{MohammadT13,
  author    = {Saif Mohammad and
               Peter D. Turney},
  title     = {Crowdsourcing a Word-Emotion Association Lexicon},
  journal   = {Computational Intelligence},
  volume    = {29},
  number    = {3},
  year      = {2013},
  url       = {https://doi.org/10.1111/j.1467-8640.2012.00460.x},
  doi       = {10.1111/j.1467-8640.2012.00460.x},
  timestamp = {Sat, 27 May 2017 14:23:07 +0200},
  biburl    = {http://dblp.org/rec/bib/journals/ci/MohammadT13},
  bibsource = {dblp computer science bibliography, http://dblp.org}
}

@inproceedings{mowery2016towards,
  title={Towards automatically classifying depressive symptoms from Twitter data for population health},
  author={Mowery, Danielle and Park, Albert and Conway, Mike and Bryan, Craig},
  booktitle={Proceedings of the Workshop on Computational Modeling of People’s Opinions, Personality, and Emotions in Social Media},
  pages={182--191},
  year={2016}
}

@inproceedings{XueLJFCC14,
	author    = {Yuanyuan Xue and
	Qi Li and
	Li Jin and
	Ling Feng and
	David A. Clifton and
	Gari D. Clifford},
	title     = {Detecting Adolescent Psychological Pressures from Micro-Blog},
	booktitle = {Health Information Science - Third International Conference, {HIS}
	2014, Shenzhen, China, April 22-23, 2014. Proceedings},
	pages     = {83--94},
	year      = {2014},
	url       = {https://doi.org/10.1007/978-3-319-06269-3\_10},
	doi       = {10.1007/978-3-319-06269-3\_10},
	timestamp = {Wed, 14 Nov 2018 10:57:35 +0100},
	biburl    = {https://dblp.org/rec/bib/conf/his2/XueLJFCC14},
	bibsource = {dblp computer science bibliography, https://dblp.org}
}

@article{rude2004language,
	author    = {Stephanie Rude and 
	Eva{-}Maria Gortner and
	James Pennebaker},
	title     = {Language use of depressed and depression-vulnerable college students},
	journal   = {Cognition \& Emotion},
	volume    = {18},
	number    = {8},
	pages={1121--1133},
	year      = {2004},
	publisher = {Taylor \& Francis}
}